<marcxml:record xmlns:marcxml="http://www.loc.gov/MARC21/slim" xmlns:idx="info:lc/xq-modules/lcindex" xmlns:madsrdf="http://www.loc.gov/mads/rdf/v1#" xmlns:ri="http://id.loc.gov/ontologies/RecordInfo#" xmlns:xlink="http://www.w3.org/1999/xlink" xmlns:rdf="http://www.w3.org/1999/02/22-rdf-syntax-ns#" xmlns:mets="http://www.loc.gov/METS/" xmlns:semtriples="http://marklogic.com/semantic" xmlns:xsi="http://www.w3.org/2001/XMLSchema-instance" xmlns:streams="info:lc/streams#">
            <marcxml:leader>01539cz  a2200313n  4500</marcxml:leader>
            <marcxml:controlfield tag="001">sh92002376</marcxml:controlfield>
            <marcxml:controlfield tag="003">DLC</marcxml:controlfield>
            <marcxml:controlfield tag="005">20030325113511.0</marcxml:controlfield>
            <marcxml:controlfield tag="008">920429|| anannbabn          |a ana      </marcxml:controlfield>
            <marcxml:datafield tag="010" ind1=" " ind2=" ">
              <marcxml:subfield code="a">sh 92002376 </marcxml:subfield>
            </marcxml:datafield>
            <marcxml:datafield tag="040" ind1=" " ind2=" ">
              <marcxml:subfield code="a">DLC</marcxml:subfield>
              <marcxml:subfield code="c">DLC</marcxml:subfield>
              <marcxml:subfield code="d">DLC</marcxml:subfield>
            </marcxml:datafield>
            <marcxml:datafield tag="151" ind1=" " ind2=" ">
              <marcxml:subfield code="a">Forum of Nerva (Rome, Italy)</marcxml:subfield>
            </marcxml:datafield>
            <marcxml:datafield tag="451" ind1=" " ind2=" ">
              <marcxml:subfield code="a">Foro di Nerva (Rome, Italy)</marcxml:subfield>
            </marcxml:datafield>
            <marcxml:datafield tag="451" ind1=" " ind2=" ">
              <marcxml:subfield code="a">Foro Transitorio (Rome, Italy)</marcxml:subfield>
            </marcxml:datafield>
            <marcxml:datafield tag="451" ind1=" " ind2=" ">
              <marcxml:subfield code="a">Forum Nervae (Rome, Italy)</marcxml:subfield>
            </marcxml:datafield>
            <marcxml:datafield tag="451" ind1=" " ind2=" ">
              <marcxml:subfield code="a">Forum Transitorium (Rome, Italy)</marcxml:subfield>
            </marcxml:datafield>
            <marcxml:datafield tag="451" ind1=" " ind2=" ">
              <marcxml:subfield code="a">Nerva, Forum of (Rome, Italy)</marcxml:subfield>
            </marcxml:datafield>
            <marcxml:datafield tag="451" ind1=" " ind2=" ">
              <marcxml:subfield code="a">Transitory Forum (Rome, Italy)</marcxml:subfield>
            </marcxml:datafield>
            <marcxml:datafield tag="550" ind1=" " ind2=" ">
              <marcxml:subfield code="w">g</marcxml:subfield>
              <marcxml:subfield code="a">Forums, Roman</marcxml:subfield>
              <marcxml:subfield code="z">Italy</marcxml:subfield>
            </marcxml:datafield>
            <marcxml:datafield tag="667" ind1=" " ind2=" ">
              <marcxml:subfield code="a">This heading is not valid for use as a geographic subdivision.</marcxml:subfield>
            </marcxml:datafield>
            <marcxml:datafield tag="670" ind1=" " ind2=" ">
              <marcxml:subfield code="a">Work cat.: D'Ambra, E. Private lives, imperial virtues, 1993</marcxml:subfield>
              <marcxml:subfield code="b">(Forum Transitorium)</marcxml:subfield>
            </marcxml:datafield>
            <marcxml:datafield tag="670" ind1=" " ind2=" ">
              <marcxml:subfield code="a">Coarelli, F. Guida archeologica di Roma, 1974:</marcxml:subfield>
              <marcxml:subfield code="b">pp. 102, 111, 133 (Foro di Nerva o Transitorio)</marcxml:subfield>
            </marcxml:datafield>
            <marcxml:datafield tag="670" ind1=" " ind2=" ">
              <marcxml:subfield code="a">Ox. classic. dict.</marcxml:subfield>
              <marcxml:subfield code="b">(Forum Nervae or Transitorium)</marcxml:subfield>
            </marcxml:datafield>
            <marcxml:datafield tag="670" ind1=" " ind2=" ">
              <marcxml:subfield code="a">Meade, C.W. Ruins of Rome, c1980:</marcxml:subfield>
              <marcxml:subfield code="b">p. 73 (Forum Nervae or Forum of Nerva ... also known as the Forum Transitorium)</marcxml:subfield>
            </marcxml:datafield>
            <marcxml:datafield tag="670" ind1=" " ind2=" ">
              <marcxml:subfield code="a">Venturini, E. Eternal city, 1965:</marcxml:subfield>
              <marcxml:subfield code="b">p. 26 (Forum of Nerva)</marcxml:subfield>
            </marcxml:datafield>
            <marcxml:datafield tag="670" ind1=" " ind2=" ">
              <marcxml:subfield code="a">Baedeker, K. Rome and central Italy, 1930:</marcxml:subfield>
              <marcxml:subfield code="b">p. 349 (Forum of Nerva sometimes called the Forum Transitorium)</marcxml:subfield>
            </marcxml:datafield>
            <marcxml:datafield tag="670" ind1=" " ind2=" ">
              <marcxml:subfield code="a">Hachette guide to Italy, 1988:</marcxml:subfield>
              <marcxml:subfield code="b">p. 523 (Forum of Nerva)</marcxml:subfield>
            </marcxml:datafield>
            <marcxml:datafield tag="670" ind1=" " ind2=" ">
              <marcxml:subfield code="a">Britannica 14:</marcxml:subfield>
              <marcxml:subfield code="b">v. 19, pp. 571-572 (Fora of Vespasian and Nerva; Forum Transitorium)</marcxml:subfield>
            </marcxml:datafield>
            <marcxml:datafield tag="670" ind1=" " ind2=" ">
              <marcxml:subfield code="a">Dal Maso, L. Rome of the Caesars, 1976:</marcxml:subfield>
              <marcxml:subfield code="b">p. 62 (Forum of Nerva, called the "Transitory" Forum)</marcxml:subfield>
            </marcxml:datafield>
          </marcxml:record>
